<record><leader>00000cas a2200000 a 4500</leader><controlfield tag="001">14714498</controlfield><controlfield tag="008">861114d19121929pauir ne      0    0eng c</controlfield><datafield ind1=" " ind2=" " tag="010"><subfield code="a">sn 86083361 </subfield></datafield><datafield ind1=" " ind2=" " tag="040"><subfield code="a">NPH</subfield><subfield code="b">eng</subfield><subfield code="c">NPH</subfield><subfield code="d">OCL</subfield><subfield code="d">OCLCQ</subfield><subfield code="d">CUI</subfield><subfield code="d">OCLCQ</subfield><subfield code="d">OCLCF</subfield></datafield><datafield ind1=" " ind2=" " tag="042"><subfield code="a">pcc</subfield></datafield><datafield ind1=" " ind2=" " tag="043"><subfield code="a">n-us-pa</subfield></datafield><datafield ind1=" " ind2="4" tag="050"><subfield code="a">AN</subfield></datafield><datafield ind1="0" ind2=" " tag="130"><subfield code="a">Citizen (Ambridge, Pa.)</subfield></datafield><datafield ind1="1" ind2="4" tag="245"><subfield code="a">The citizen.</subfield></datafield><datafield ind1=" " ind2=" " tag="260"><subfield code="a">Ambridge, Pa. :</subfield><subfield code="b">[Citizen Print. and Pub. Co.],</subfield><subfield code="c">-1929.</subfield></datafield><datafield ind1=" " ind2=" " tag="300"><subfield code="a">v.</subfield></datafield><datafield ind1=" " ind2=" " tag="310"><subfield code="a">Triweekly,</subfield><subfield code="b">Sept. 17, 1923-&lt;1929&gt;</subfield></datafield><datafield ind1=" " ind2=" " tag="321"><subfield code="a">Semiweekly,</subfield><subfield code="b">May 14, 1912-Sept. 17, 1923</subfield></datafield><datafield ind1="1" ind2=" " tag="362"><subfield code="a">Began in May 1912?</subfield></datafield><datafield ind1="0" ind2=" " tag="362"><subfield code="a">-v. 25, no. 90 (Mar. 1, 1929).</subfield></datafield><datafield ind1=" " ind2=" " tag="588"><subfield code="a">Description based on: Vol. 1, no. 174 (May 17, 1912).</subfield></datafield><datafield ind1=" " ind2="0" tag="651"><subfield code="a">Ambridge (Pa.)</subfield><subfield code="v">Newspapers.</subfield></datafield><datafield ind1=" " ind2="0" tag="651"><subfield code="a">Beaver County (Pa.)</subfield><subfield code="v">Newspapers.</subfield></datafield><datafield ind1=" " ind2="7" tag="655"><subfield code="a">Newspapers.</subfield><subfield code="2">fast</subfield><subfield code="0">(OCoLC)fst01423814</subfield></datafield><datafield ind1=" " ind2="7" tag="651"><subfield code="a">Pennsylvania</subfield><subfield code="z">Ambridge.</subfield><subfield code="2">fast</subfield><subfield code="0">(OCoLC)fst01220502</subfield></datafield><datafield ind1=" " ind2="7" tag="651"><subfield code="a">Pennsylvania</subfield><subfield code="z">Beaver County.</subfield><subfield code="2">fast</subfield><subfield code="0">(OCoLC)fst01205522</subfield></datafield><datafield ind1=" " ind2=" " tag="752"><subfield code="a">United States</subfield><subfield code="b">Pennsylvania</subfield><subfield code="c">Beaver</subfield><subfield code="d">Ambridge.</subfield></datafield><datafield ind1="0" ind2="0" tag="780"><subfield code="t">Daily citizen (Ambridge, Pa. : 1911)</subfield><subfield code="w">(DLC)sn 86083362</subfield><subfield code="w">(OCoLC)14714483</subfield></datafield><datafield ind1="0" ind2="0" tag="785"><subfield code="t">Daily citizen (Ambridge, Pa. : 1929)</subfield><subfield code="w">(DLC)sn 85054937</subfield><subfield code="w">(OCoLC)2257208</subfield></datafield></record>